<?xml version="1.0" encoding="UTF-8"?><collection xmlns="http://www.loc.gov/MARC21/slim"><record><leader>00598nam--2200181-u-4500</leader><controlfield tag="001">000050649</controlfield><controlfield tag="002">20161230</controlfield><controlfield tag="005">20170108120654</controlfield><controlfield tag="008">080227s1000------------r-----000-0-eng-d</controlfield><datafield ind1=" " ind2=" " tag="020"><subfield code="a">981-256-390-3</subfield></datafield><datafield ind1=" " ind2=" " tag="040"><subfield code="a">IFIN-HH</subfield></datafield><datafield ind1="1" ind2=" " tag="100"><subfield code="a">Dimiev, Stancho</subfield><subfield code="e">ed</subfield></datafield><datafield ind1="1" ind2="0" tag="245"><subfield code="a">Contemporary Aspects of Complex Analysis, Differential Geometry and Mathematical Physics. Proceedings of the 7th Int.Workshop on Complex Structures and Vector Fields</subfield></datafield><datafield ind1=" " ind2=" " tag="260"><subfield code="a">New Jersey</subfield><subfield code="b">World Scientific</subfield><subfield code="c">2005</subfield></datafield><datafield ind1=" " ind2=" " tag="300"><subfield code="a">343 p</subfield></datafield><datafield ind1=" " ind2=" " tag="700"><subfield code="a">Sekigawa, Kouei</subfield><subfield code="e">ed</subfield></datafield><datafield ind1=" " ind2=" " tag="852"><subfield code="a">81927</subfield><subfield code="c">513.73</subfield></datafield><datafield ind1=" " ind2=" " tag="CAT"><subfield code="a">SYS</subfield><subfield code="c">20170108</subfield><subfield code="h">120654</subfield></datafield></record></collection>